@book{hitzler2007semantic,
  title={Semantic Web: Grundlagen},
  author={Hitzler, Pascal and Kr{\"o}tzsch, Markus and Rudolph, Sebastian and Sure, York},
  year={2007},
  publisher={Springer-Verlag}
}

@article{berners2001semantic,
  title={The semantic web},
  author={Berners-Lee, Tim and Hendler, James and Lassila, Ora and others},
  journal={Scientific american},
  volume={284},
  number={5},
  pages={28--37},
  year={2001},
  publisher={New York, NY, USA:}
}

@article{lassila1999resource,
  title={Resource Description Framework (RDF): Model and Syntax Specification},
  author={Lassila, Ora and Swick, Ralph R},
  year={1999},
  journal={Recommendation, World Wide Web Consortium},
  note={Siehe \url{http://www.w3.org/TR/REC-rdf-syntax/}}
}

@techreport{berners2004uniform,
  title={Uniform resource identifier (URI): Generic syntax},
  author={Berners-Lee, Tim and Fielding, Roy and Masinter, Larry},
  institution={World Wide Web Consortium},
  year={2004}
}

@article{bray1998extensible,
  title={Extensible markup language (XML)},
  author={Bray, Tim and Paoli, Jean and Sperberg-McQueen, C Michael and Maler, Eve and Yergeau, Fran{\c{c}}ois},
  journal={World Wide Web Consortium Recommendation REC-xml-19980210. \url{http://www.w3.org/TR/1998/REC-xml-19980210}},
  volume={16},
  year={1998}
}

@article{bizer2009linked,
  title={Linked Data - The Story So Far},
  author={Bizer, Christian and Heath, Tom and Berners-Lee, Tim},
  journal={Semantic Services, Interoperability and Web Applications: Emerging Concepts},
  pages={205--227},
  year={2009}
}

@incollection{hausenblas2009scovo,
  title={Scovo: Using Statistics on the Web of Data},
  author={Hausenblas, Michael and Halb, Wolfgang and Raimond, Yves and Feigenbaum, Lee and Ayers, Danny},
  booktitle={The Semantic Web: Research and Applications},
  pages={708--722},
  year={2009},
  publisher={Springer}
}

@article{vrandecic2010semantics,
  title={Semantics of Governmental Statistics Data},
  author={Vrandecic, Denny and Lange, Christoph and Hausenblas, Michael and Bao, Jie and Ding, Li},
  year={2010},
  journal={Proceedings of the WebSci10}
}

@inproceedings{kampgen2011transforming,
  title={Transforming Statistical Linked Data for Use in OLAP Systems},
  author={K{\"a}mpgen, Benedikt and Harth, Andreas},
  booktitle={Proceedings of the 7th international conference on Semantic systems},
  pages={33--40},
  year={2011},
  organization={ACM}
}

@incollection{NoSize,
  title={{No Size Fits All -- Running the Star Schema Benchmark with SPARQL and RDF Aggregate Views}},
  author={K{\"a}mpgen, Benedikt and Harth, Andreas},
  booktitle={The Semantic Web: Semantics and Big Data},
  pages={290--304},
  year={2013},
  publisher={Springer}
}

@incollection{NoSQL,
  title={{NoSQL databases for RDF: an empirical evaluation}},
  author={Cudr{\'e}-Mauroux, Philippe and Enchev, Iliya and Fundatureanu, Sever and Groth, Paul and Haque, Albert and Harth, Andreas and Keppmann, Felix Leif and Miranker, Daniel and Sequeda, Juan F and Wylot, Marcin},
  booktitle={The Semantic Web--ISWC 2013},
  pages={310--325},
  year={2013},
  publisher={Springer}
}

@inproceedings{Abello,
  title={{Building Cubes with MapReduce}},
  author={Abell{\'o}, Alberto and Ferrarons, Jaume and Romero, Oscar},
  booktitle={Proceedings of the ACM 14th international workshop on Data Warehousing and OLAP},
  pages={17--24},
  year={2011},
  organization={ACM}
}

// OLAP
@article{gluchowski2006quo,
  title={Quo vadis business intelligence},
  author={Gluchowski, Peter and Kemper, Hans-Georg},
  journal={BI-Spektrum},
  volume={1},
  number={1},
  pages={12--19},
  year={2006}
}

@article{gluchowski2008management,
  title={Management Support Systeme und Business Intelligence},
  author={Gluchowski, Peter and Gabriel, Roland and Dittmar, Carsten},
  journal={Auflage, Berlin},
  year={2008}
}

@incollection{strauch2002vorgehensmodell,
  title={Vorgehensmodell f{\"u}r die Informationsbedarfsanalyse im Data Warehousing},
  author={Strauch, Bernhard and Winter, Robert},
  booktitle={Vom Data Warehouse zum Corporate Knowledge Center},
  pages={359--378},
  year={2002},
  publisher={Springer}
}

@book{krahl1998data,
  title={Data Mining: Einsatz in der Praxis},
  author={Krahl, Daniela and Windheuser, Ulrich and Zick, Friedrich-Karl},
  year={1998},
  publisher={Addison-Wesley}
}

@misc{intelligence1999ibm,
  title={The IBM Solution, Datawarehousing and OLAP, Mark Whitehorn and Mary Whitehorn},
  author={Intelligence, Business},
  year={1999},
  publisher={Springer}
}

@incollection{hannig2002deutsche,
  title={Der Deutsche Markt f{\"u}r Data Warehousing und Business Intelligence},
  author={Hannig, Uwe and Hahn, Andreas},
  booktitle={Knowledge Management und Business Intelligence},
  pages={219--228},
  year={2002},
  publisher={Springer}
}

@book{kimball2013data,
  title={The Data Warehouse Toolkit: The Complete Guide to Dimensional Modeling},
  author={Kimball, Ralph and Ross, Margy},
  year={2013},
  publisher={John Wiley \& Sons}
}

@book{inmon2005building,
  title={Building the Data Warehouse},
  author={Inmon, William H},
  year={2005},
  publisher={John Wiley \& Sons}
}

@article{codd1993providing,
  title={Providing OLAP (on-line analytical processing) to user-analysts: An IT mandate},
  author={Codd, Edgar F and Codd, Sharon B and Salley, Clynch T},
  journal={Codd and Date},
  volume={32},
  year={1993},
  publisher={Codd \& Date, Inc.}
}

@article{pendse1995olap,
  title={The OLAP report},
  author={Pendse, Nigel and Creeth, Richard},
  journal={Business Intelligence},
  year={1995},
  publisher={London, England}
}

@article{laney20013d,
  title={3D Data Management: Controlling Data Volume, Velocity and Variety},
  author={Laney, Doug},
  journal={META Group Research Note},
  volume={6},
  pages={70},
  year={2001}
}

@book{bauer2013data,
  title={Data-Warehouse-Systeme: Architektur, Entwicklung, Anwendung},
  author={Bauer, Andreas and G{\"u}nzel, Holger},
  year={2013},
  publisher={dpunkt. verlag}
}

@book{spofford2005mdx,
  title={MDX Solutions: With Microsoft SQL Server Analysis Services 2005 and Hyperion Essbase},
  author={Spofford, George and Harinath, Sivakumar and Webb, Christopher and Civardi, Francesco},
  year={2005},
  publisher={John Wiley \& Sons, Inc.}
}

@article{kempa2011multidimensional,
  title={Multidimensional Expressions (MDX)},
  author={Kempa, Martin},
  journal={Datenbank-Spektrum},
  volume={11},
  number={2},
  pages={123--126},
  year={2011},
  publisher={Springer}
}

@book{whitehorn2007fast,
  title={Fast track to MDX},
  author={Whitehorn, Mark and Zare, Robert and Pasumansky, Mosha},
  year={2005},
  publisher={Springer Science \& Business Media}
}

@article{mucksch2000data,
  title={Das Data Warehouse-Konzept},
  author={Mucksch, Harry and Behme, Wolfgang},
  journal={Architektur-Datenmodelle-Anwendungen, Wiesbaden},
  year={2000},
  publisher={Springer}
}

@book{totok2000modellierung,
  title={Modellierung von OLAP- und Data-Warehouse-Systemen},
  author={Totok, Andreas},
  year={2000},
  publisher={Deutscher Universit{\"a}ts-Verlag}
}

@inproceedings{perez2006semantics,
  title={Semantics and Complexity of SPARQL},
  author={P{\'e}rez, Jorge and Arenas, Marcelo and Gutierrez, Claudio},
  booktitle={International semantic web conference},
  volume={4273},
  pages={30--43},
  year={2006},
  organization={Springer}
}

@inproceedings{etcheverry2012qb4olap,
  author    = {Lorena Etcheverry and
               Alejandro A. Vaisman},
  title     = {{QB4OLAP:} {A} Vocabulary for {OLAP} Cubes on the Semantic Web},
  booktitle = {Proceedings of the Third International Workshop on Consuming Linked
               Data, {COLD} 2012, Boston, MA, USA},
  year      = {2012},
  timestamp = {Tue, 13 Nov 2012 18:10:25 +0100}
}

@inproceedings{zancanaro2013publishing,
  title={Publishing Multidimensional Statistical Linked Data},
  author={Zancanaro, Airton and Pizzol, LD and de Moura Speroni, Rafael and Todesco, Jos{\'e} Leomar and Gauthier, Fernando O},
  booktitle={Proceedings of the Fifth International Conference on Information, Process, and Knowledge Management},
  pages={290--304},
  year={2013}
}

@misc{berners2006linkeddata,
   author = {Tim Berners-Lee},
   title = {{Linked Data: Design Issues}},
   year = "2006",
   url = "http://www.w3.org/DesignIssues/LinkedData.html",
   note = "aufgerufen am 25. Oktober 2015"
 }


Big Data
@book{king2014big,
  title={Big Data: Potential und Barrieren der Nutzung im Unternehmenskontext},
  author={King, Stefanie and Hajnal, Ivo},
  year={2014},
  publisher={Springer-Verlag}
}

@book{dorschel2015praxishandbuch,
  title={Praxishandbuch Big Data: Wirtschaft--Recht--Technik},
  author={Dorschel, Joachim},
  year={2015},
  publisher={Springer-Verlag}
}

@article{fasel2014big,
  title={Big Data--Eine Einf{\"u}hrung},
  author={Fasel, Daniel},
  journal={HMD Praxis der Wirtschaftsinformatik},
  volume={51},
  number={4},
  pages={386--400},
  year={2014},
  publisher={Springer}
}

@article{bendler2014taming,
  title={Taming Uncertainty in Big Data},
  author={Bendler, Johannes and Wagner, Sebastian and Brandt, Dipl-Vw Tobias and Neumann, Dirk},
  journal={Business \& Information Systems Engineering},
  volume={6},
  number={5},
  pages={279--288},
  year={2014},
  publisher={Springer}
}

@book{rahm2015verteiltes,
  title={Verteiltes und Paralleles Datenmanagement},
  author={Rahm, Erhard and Saake, Gunter and SATTLER, KAIUWE},
  year={2015},
  publisher={Springer-Verlag}
}

@inproceedings{ghemawat2003google,
  title={The Google file system},
  author={Ghemawat, Sanjay and Gobioff, Howard and Leung, Shun-Tak},
  booktitle={ACM SIGOPS operating systems review},
  volume={37},
  pages={29--43},
  year={2003},
  organization={ACM}
}

@inproceedings{shafer2010hadoop,
  title={The Hadoop Distributed Filesystem: Balancing Portability and Performance},
  author={Shafer, Jeffrey and Rixner, Scott and Cox, Alan L},
  booktitle={Performance Analysis of Systems \& Software (ISPASS), 2010 IEEE International Symposium on},
  pages={122--133},
  year={2010},
  organization={IEEE}
}

---------
MapReduce
---------

@article{dean2004mapreduce,
  title={MapReduce: Simplified Data Processing on Large Clusters},
  author={Dean, Jeffrey and Ghemawat, Sanjay},
  journal={OSDI '04: Sixth Symp. on Operating System Design and Implementation},
  pages={137-150},
  year={2004}
}

----
Hive
----

@article{thusoo2009hive,
  title={Hive - A Warehousing Solution Over a Map-Reduce Framework},
  author={Thusoo, Ashish and Sarma, Joydeep Sen and Jain, Namit and Shao, Zheng and Chakka, Prasad and Anthony, Suresh and Liu, Hao and Wyckoff, Pete and Murthy, Raghotham},
  journal={Proceedings of the VLDB Endowment},
  volume={2},
  number={2},
  pages={1626--1629},
  year={2009},
  publisher={VLDB Endowment}
}

@inproceedings{thusoo2010hive,
  title={Hive - A Petabyte Scale Data Warehouse Using Hadoop},
  author={Thusoo, Ashish and Sarma, Joydeep Sen and Jain, Namit and Shao, Zheng and Chakka, Prasad and Zhang, Ning and Antony, Suresh and Liu, Hao and Murthy, Raghotham},
  booktitle={Data Engineering (ICDE), 2010 IEEE 26th International Conference on},
  pages={996--1005},
  year={2010},
  organization={IEEE}
}

-----
HBase
-----

@book{george2011hbase,
  title={HBase: The Definitive Guide},
  author={George, Lars},
  year={2011},
  publisher={O'Reilly Media, Inc.}
}

@article{chang2006bigtable,
  title={Bigtable: A Distributed Storage System for Structured Data},
  author={Chang, Fay and Dean, Jeffrey and Ghemawat, Sanjay and Hsieh, Wilson C and Wallach, Deborah A and Burrows, Mike and Chandra, Tushar and Fikes, Andrew and Gruber, Robert E},
  journal={To appear in OSDI},
  pages={1},
  year={2006}
}

@book{redmond2012sieben,
  title={Sieben Wochen, sieben Datenbanken: Moderne Datenbanken und die NoSQL-Bewegung},
  author={Redmond, Eric and Wilson, Jim R},
  year={2012},
  publisher={O'Reilly Germany}
}

@inproceedings{hunt2010zookeeper,
  title={ZooKeeper: Wait-free Coordination for Internet-scale Systems.},
  author={Hunt, Patrick and Konar, Mahadev and Junqueira, Flavio Paiva and Reed, Benjamin},
  booktitle={USENIX Annual Technical Conference},
  volume={8},
  pages={9},
  year={2010}
}

------------
Apache Kylin
------------

@inproceedings{chevalier2015implementing,
  title={Implementing Multidimensional Data Warehouses into NoSQL},
  author={Chevalier, Max and El Malki, Mohammed and Kopliku, Arlind and Teste, Olivier and Tournier, Ronan},
  booktitle={17th International Conference on Entreprise Information Systems (ICEIS), Barcelona, Spain},
  year={2015}
}

@inproceedings{weidner2013fast,
  title={Fast OLAP Query Execution in Main Memory on Large Data in a Cluster},
  author={Weidner, Martin and Dees, Jonathan and Sanders, Peter},
  booktitle={Big Data, 2013 IEEE International Conference on},
  pages={518--524},
  year={2013},
  organization={IEEE}
}

@misc{zhang2013olap,
  title={OLAP Query Processing Method Oriented to Database and HADOOP Hybrid Platform},
  author={Zhang, Y.S. and Wang, S.},
  url={https://www.google.com/patents/US20130282650},
  year={2013},
  month=oct # "~24",
  publisher={Google Patents},
  note={US Patent App. 13/514,296}
}

@inproceedings{arres2013building,
  title={Building OLAP cubes on a Cloud Computing environment with MapReduce},
  author={Arres, Billel and Kabbachi, Nadia and Boussaid, Omar},
  booktitle={Computer Systems and Applications (AICCSA), 2013 ACS International Conference on},
  pages={1--5},
  year={2013},
  organization={IEEE}
}


--------
Mondrian
--------

@book{back2013mondrian,
  title={Mondrian in Action: Open source business analytics},
  author={Back, D William and Goodman, Nicholas and Hyde, Julian},
  year={2013},
  publisher={Manning Publications Co.}
}


----------
Evaluation
----------

@misc{o2009star,
  title={Star Schema Benchmark-Revision 3},
  author={O'Neil, Pat and O'Neil, E and Chen, Xuedong},
  publisher={Tech. rep., UMass/Boston},
  year={2009},
  url="http://www.cs.umb.edu/~poneil/StarSchemaB.pdf",
}

